@misc{arduinomega,
    author = "Elegoo",
    title = "Arduino Mega 2560 R3",
    url = "https://eu.elegoo.com/it-it/products/elegoo-mega-2560-r3-board?srsltid=AfmBOoqlCYHo64N17LxwVv7XPuF1ZlfI-sFE9XTx8FvvoUylTrOLYtfg",
}

@misc{pizero,
    author = "Raspberry",
    title = "Raspberry Pi Zero 2W",
    url = "https://www.raspberrypi.com/products/raspberry-pi-zero-2-w/",
}

@misc{picamera,
    author = "Raspberry",
    title = "Raspberry Pi Camera V2",
    url = "https://www.raspberrypi.com/products/camera-module-v2/",
}

@misc{flaskstream,
    author = "Miguel Grinberg",
    title = "Video Streaming with Flask",
    url = "https://blog.miguelgrinberg.com/post/video-streaming-with-flask",
}


@misc{yolo,
    author = "Ultralytics",
    title = "YoloV5",
    url = "https://github.com/ultralytics/yolov5",
}


@misc{dataset,
    author = "RoboFlow",
    title = "Dataset",
    url = "https://app.roboflow.com/yolorc-rrbm0/road-object-detection-v081a/8",
}

@misc{multithreading,
    author = "GeeksForGeeks",
    title = "Multithreading Tutorial",
    url = "https://www.geeksforgeeks.org/multithreading-python-set-1/",
}

@misc{distanza,
    author = " Adrian Rosebrock",
    title = "Find distance from camera to object/marker using Python and OpenCV",
    url = "https://pyimagesearch.com/2015/01/19/find-distance-camera-objectmarker-using-python-opencv",
}

@misc{focallenght,
    author = "Paul Bourke",
    title = "Field of view and focal length",
    url = "https://paulbourke.net/miscellaneous/lens/index.html",
}

@misc{yolov5arch,
  author = "Joseph Redmon and Santosh Divvala and Ross Girshick and Ali Farhadi",
  title = "You Only Look Once: Unified, Real-Time Object Detection",
  year = "2016",
  howpublished = "\url{https://arxiv.org/pdf/1506.02640}",
}

@misc{yolotutorial,
    author = "Ultralytics",
    title = "YoloV5 Tutorials",
    url = "https://docs.ultralytics.com/yolov5/tutorials/architecture_description/",
}


@misc{yoloarch,
    author = "Rohit Kundu",
    title = "YOLO: Algorithm for Object Detection Explained [+Examples]",
    url = "https://www.v7labs.com/blog/yolo-object-detection",
}